@book{bechtold2005enhanced,
  title={The enhanced forest inventory and analysis program--national sampling design and estimation procedures},
  author={Bechtold, William A and Patterson, Paul L},
  number={80},
  year={2005},
  publisher={USDA Forest Service, Southern Research Station}
}

@article{polson2013,
  title={Bayesian inference for logistic models using P{\'o}lya--Gamma latent variables},
  author={Polson, Nicholas G and Scott, James G and Windle, Jesse},
  journal={Journal of the American statistical Association},
  volume={108},
  number={504},
  pages={1339--1349},
  year={2013},
  publisher={Taylor \& Francis}
}

@article{doser2022spoccupancy,
  title={{spOccupancy: An R package for single-species, multi-species, and integrated spatial occupancy models}},
  author={Doser, Jeffrey W and Finley, Andrew O and K{\'e}ry, Marc and Zipkin, Elise F},
  journal={Methods in Ecology and Evolution},
  volume={13},
  number={8},
  pages={1670-1678},
  year={2022}
}

@article{datta2016hierarchical,
  title={Hierarchical nearest-neighbor Gaussian process models for large geostatistical datasets},
  author={Datta, Abhirup and Banerjee, Sudipto and Finley, Andrew O and Gelfand, Alan E},
  journal={Journal of the American Statistical Association},
  volume={111},
  number={514},
  pages={800--812},
  year={2016},
  publisher={Taylor \& Francis}
}

